@TechReport{Hengel17,
  author={Hengel, E.},
  title={{Publishing while Female. Are women held to higher standards? Evidence from peer review}},
  year=2017,
  month=Dec,
  institution={Faculty of Economics, University of Cambridge},
  type={Cambridge Working Papers in Economics},
  number={1753},
  keywords={},
  doi={},
}

